<collection xmlns="http://www.loc.gov/MARC21/slim">
<record>
  <leader>01364nam0a22003011i 450 </leader>
  <controlfield tag="001">IT\ICCU\CNCE\028332</controlfield>
  <controlfield tag="005">20151110000000.0</controlfield>
  <datafield tag="012" ind1=" " ind2=" ">
    <subfield code="a">e-in .5.4 r,3. maOs (3) 1598 (R)</subfield>
    <subfield code="2">fei</subfield>
  </datafield>
  <datafield tag="100" ind1=" " ind2=" ">
    <subfield code="a">19971106d1598        0itac0103    ba</subfield>
  </datafield>
  <datafield tag="101" ind1=" " ind2=" ">
    <subfield code="a">LAT</subfield>
  </datafield>
  <datafield tag="102" ind1=" " ind2=" ">
    <subfield code="a">IT</subfield>
  </datafield>
  <datafield tag="200" ind1="1" ind2=" ">
    <subfield code="a">De ciuili et christiana institutione liber. Lelio Zeccho Brixiano ... auctore ...</subfield>
  </datafield>
  <datafield tag="210" ind1=" " ind2=" ">
    <subfield code="a">Brixiae</subfield>
    <subfield code="c">apud Petrum Mariam Marchettum</subfield>
    <subfield code="d">1598</subfield>
    <subfield code="e">Brixiae</subfield>
    <subfield code="g">apud Cominum Praesenium</subfield>
    <subfield code="h">1617 \i.e. 1597!</subfield>
  </datafield>
  <datafield tag="215" ind1=" " ind2=" ">
    <subfield code="a">\12!, 238, \2! p.</subfield>
    <subfield code="d">4ʻ</subfield>
  </datafield>
  <datafield tag="620" ind1=" " ind2=" ">
    <subfield code="a">IT</subfield>
    <subfield code="d">Brescia</subfield>
  </datafield>
  <datafield tag="700" ind1=" " ind2="1">
    <subfield code="a">Zecchi,</subfield>
    <subfield code="b">Lelio</subfield>
    <subfield code="3">IT\ICCU\CNCA\007081</subfield>
  </datafield>
  <datafield tag="712" ind1="0" ind2="0">
    <subfield code="a">Marchetti, Pietro Maria</subfield>
    <subfield code="3">IT\ICCU\CNCT\000255</subfield>
    <subfield code="4">650</subfield>
  </datafield>
  <datafield tag="712" ind1="0" ind2="0">
    <subfield code="a">Presegni, Comino</subfield>
    <subfield code="3">IT\ICCU\CNCT\000605</subfield>
    <subfield code="4">650</subfield>
  </datafield>
  <datafield tag="790" ind1=" " ind2="1">
    <subfield code="a">Zecchus,</subfield>
    <subfield code="b">Laelius</subfield>
    <subfield code="3">IT\ICCU\CNCA\025445</subfield>
    <subfield code="z">Zecchi, Lelio</subfield>
  </datafield>
  <datafield tag="790" ind1=" " ind2="1">
    <subfield code="a">Zecchius,</subfield>
    <subfield code="b">Laelius</subfield>
    <subfield code="3">IT\ICCU\CNCA\025454</subfield>
    <subfield code="z">Zecchi, Lelio</subfield>
  </datafield>
  <datafield tag="791" ind1="0" ind2="0">
    <subfield code="a">Marchettus, Petrus Maria</subfield>
    <subfield code="3">IT\ICCU\CNCT\005027</subfield>
    <subfield code="z">Marchetti, Pietro Maria</subfield>
  </datafield>
  <datafield tag="791" ind1="0" ind2="0">
    <subfield code="a">Praesenius, Cominus</subfield>
    <subfield code="3">IT\ICCU\CNCT\002536</subfield>
    <subfield code="z">Presegni, Comino</subfield>
  </datafield>
  <datafield tag="791" ind1="0" ind2="0">
    <subfield code="a">Presegno, Comino</subfield>
    <subfield code="3">IT\ICCU\CNCT\005510</subfield>
    <subfield code="z">Presegni, Comino</subfield>
  </datafield>
  <datafield tag="801" ind1=" " ind2="3">
    <subfield code="a">IT</subfield>
    <subfield code="b">ICCU</subfield>
    <subfield code="c">20201114</subfield>
  </datafield>
  <datafield tag="899" ind1=" " ind2=" ">
    <subfield code="a">Biblioteca statale. Cremona</subfield>
    <subfield code="1">CR0062</subfield>
    <subfield code="2">LO1 28</subfield>
  </datafield>
  <datafield tag="899" ind1=" " ind2=" ">
    <subfield code="a">Biblioteca Seminario vescovile S. Gaudenzio. Novara</subfield>
    <subfield code="1">NO0064</subfield>
    <subfield code="2">TO0 Y5</subfield>
  </datafield>
  <datafield tag="899" ind1=" " ind2=" ">
    <subfield code="a">Biblioteca dell&apos;Accademia Alfonsiana. Roma</subfield>
    <subfield code="1">RM0271</subfield>
    <subfield code="2">ZRM 03</subfield>
  </datafield>
  <datafield tag="899" ind1=" " ind2=" ">
    <subfield code="a">British Library. London</subfield>
    <subfield code="1">UK0001</subfield>
  </datafield>
</record>
</collection>
